@article{sparse,
	title={Compressed row storage (crs)},
	author={Dongarra, Jack},
	journal={Survey of Sparse Matrix Storage Formats},
	year={1995}
}


@misc{conjugate,
	title={An introduction to the conjugate gradient method without the agonizing pain},
	author={Shewchuk, Jonathan Richard and others},
	year={1994},
	publisher={Carnegie-Mellon University. Department of Computer Science}
}

@inproceedings{sparse2,
	title={Parallel sparse matrix-vector and matrix-transpose-vector multiplication using compressed sparse blocks},
	author={Bulu{\c{c}}, Aydin and Fineman, Jeremy T and Frigo, Matteo and Gilbert, John R and Leiserson, Charles E},
	booktitle={Proceedings of the twenty-first annual symposium on Parallelism in algorithms and architectures},
	pages={233--244},
	year={2009}
}

@inproceedings{lee2010debunking,
	title={Debunking the 100X GPU vs. CPU myth: an evaluation of throughput computing on CPU and GPU},
	author={Lee, Victor W and Kim, Changkyu and Chhugani, Jatin and Deisher, Michael and Kim, Daehyun and Nguyen, Anthony D and Satish, Nadathur and Smelyanskiy, Mikhail and Chennupaty, Srinivas and Hammarlund, Per and others},
	booktitle={Proceedings of the 37th annual international symposium on Computer architecture},
	pages={451--460},
	year={2010}
}

@article{nvidia2011nvidia,
	title={Nvidia cuda c programming guide},
	author={Nvidia, CUDA},
	journal={Nvidia Corporation},
	volume={120},
	number={18},
	pages={8},
	year={2011}
}

@inproceedings{karunadasa2009accelerating,
	title={Accelerating high performance applications with CUDA and MPI},
	author={Karunadasa, NP and Ranasinghe, DN},
	booktitle={2009 International Conference on Industrial and Information Systems (ICIIS)},
	pages={331--336},
	year={2009},
	organization={IEEE}
}

@article{gravvanis2012solving,
	title={Solving finite difference linear systems on GPUs: CUDA based parallel explicit preconditioned biconjugate conjugate gradient type methods},
	author={Gravvanis, George A and Filelis-Papadopoulos, CK and Giannoutakis, Konstantinos M},
	journal={The Journal of Supercomputing},
	volume={61},
	number={3},
	pages={590--604},
	year={2012},
	publisher={Springer}
}

@inproceedings{phillips2014cuda,
	title={A CUDA implementation of the High Performance Conjugate Gradient benchmark},
	author={Phillips, Everett and Fatica, Massimiliano},
	booktitle={International Workshop on Performance Modeling, Benchmarking and Simulation of High Performance Computer Systems},
	pages={68--84},
	year={2014},
	organization={Springer}
}

@article{zhang2013efficient,
	title={Efficient CUDA polynomial preconditioned conjugate gradient solver for finite element computation of elasticity problems},
	author={Zhang, Jianfei and Zhang, Lei},
	journal={Mathematical Problems in Engineering},
	volume={2013},
	year={2013},
	publisher={Hindawi}
}

@inproceedings{maringanti2009acceleration,
	title={Acceleration of conjugate gradient method for circuit simulation using CUDA},
	author={Maringanti, Anirudh and Athavale, Viraj and Patkar, Sachin B},
	booktitle={2009 International Conference on High Performance Computing (HiPC)},
	pages={438--444},
	year={2009},
	organization={IEEE}
}

@inproceedings{amador2010cuda,
	title={CUDA-based linear solvers for stable fluids},
	author={Amador, G and Gomes, A},
	booktitle={2010 International Conference on Information Science and Applications},
	pages={1--8},
	year={2010},
	organization={IEEE}
}

@inproceedings{michels2011sparse,
	title={Sparse-matrix-CG-solver in CUDA},
	author={Michels, Dominik},
	booktitle={Proceedings of the 15th central European seminar on computer graphics},
	year={2011}
}

@article{oyarzun2014mpi,
	title={MPI-CUDA sparse matrix--vector multiplication for the conjugate gradient method with an approximate inverse preconditioner},
	author={Oyarzun, G and Borrell, R and Gorobets, A and Oliva, A},
	journal={Computers \& Fluids},
	volume={92},
	pages={244--252},
	year={2014},
	publisher={Elsevier}
}

@article{ji2012cuda,
	title={CUDA-based solver for large-scale groundwater flow simulation},
	author={Ji, Xiaohui and Cheng, Tangpei and Wang, Qun},
	journal={Engineering with Computers},
	volume={28},
	number={1},
	pages={13--19},
	year={2012},
	publisher={Springer}
}

@article{li2014gpu,
	title={GPU-based power flow analysis with Chebyshev preconditioner and conjugate gradient method},
	author={Li, Xue and Li, Fangxing},
	journal={Electric Power Systems Research},
	volume={116},
	pages={87--93},
	year={2014},
	publisher={Elsevier}
}

@techreport{bell2008efficient,
	title={Efficient sparse matrix-vector multiplication on CUDA},
	author={Bell, Nathan and Garland, Michael},
	year={2008},
	institution={Nvidia Technical Report NVR-2008-004, Nvidia Corporation}
}

@inproceedings{wang2010optimizing,
	title={Optimizing sparse matrix-vector multiplication on CUDA},
	author={Wang, Zhuowei and Xu, Xianbin and Zhao, Wuqing and Zhang, Yuping and He, Shuibing},
	booktitle={2010 2nd International Conference on Education Technology and Computer},
	volume={4},
	pages={V4--109},
	year={2010},
	organization={IEEE}
}


@manual{spvm,
	title  = "Sparse Matrix-Vector Multiplication with CUDA",
	author = "Georgii Evtushenko",
	url    = "https://medium.com/analytics-vidhya/sparse-matrix-vector-multiplication-with-cuda-42d191878e8f",
	year   = "2019 (accessed May 4, 2020)"
}

@manual{stride,
	title  = "CUDA Pro Tip: Write Flexible Kernels with Grid-Stride Loops",
	author = "Mark Harris",
	url    = "https://devblogs.nvidia.com/cuda-pro-tip-write-flexible-kernels-grid-stride-loops/",
	year   = "2013 (accessed May 4, 2020)"
}

@article{reduction,
	title={Optimizing parallel reduction in CUDA},
	author={Harris, Mark and others},
	journal={Nvidia developer technology},
	volume={2},
	number={4},
	pages={70},
	year={2007},
	publisher={NVIDIA Corp. California}
}    


